@book{HNTW4K12,
address = {H{\`{a}} Nội},
author = {Đảng Cộng sản Việt Nam},
publisher = {Văn ph{\`{o}}ng Trung ương Đảng},
title = {{Văn kiện Hội nghị lần thứ tư Ban Chấp h{\`{a}}nh Trung ương kh{\'{o}}a XII}},
year = {2016}
}

@book{DH11,
address = {H{\`{a}} Nội},
author = {Đảng Cộng sản Việt Nam},
publisher = {NXB Chính trị Quốc gia Sự thật},
title = {Văn kiện Đại hội đại biểu toàn quốc lần thứ XI},
year = {2011}
}
